<zs:record>
      <zs:recordPacking>xml</zs:recordPacking>
      <zs:recordData>
        <record xmlns="http://www.loc.gov/MARC21/slim">
          <leader>00515nz a2200121 4500</leader>
          <controlfield tag="001">30000566</controlfield>
          <controlfield tag="003">RISM</controlfield>
          <controlfield tag="005">20121108</controlfield>
          <controlfield tag="008">121108n||az|||||||##########||||||||||||</controlfield>
          <datafield tag="043" ind1=" " ind2=" ">
            <subfield code="c">Slovakia</subfield>
          </datafield>
          <datafield tag="110" ind1="2" ind2=" ">
            <subfield code="a">Knižnica hudobného seminára Filozofickej fakulty Univerzity Komenského</subfield>
            <subfield code="c">Bratislava</subfield>
            <subfield code="g">SK-BRhs</subfield>
          </datafield>
          <datafield tag="410" ind1="2" ind2=" ">
            <subfield code="a">Chair of Aesthetics and the Science of Art, Philosophy Faculty of the Komenský
              University</subfield>
          </datafield>
          <datafield tag="622" ind1=" " ind2=" ">
            <subfield code="e">Knižnica hudobného seminára Filozofickej, fakulty Univerzity Komenského, Gondova 2, 806
              01 Bratislava, Slovakia</subfield>
          </datafield>
          <idzebra xmlns="http://www.indexdata.dk/zebra/">
            <size>515</size>
            <score>707</score>
            <localnumber>836082</localnumber>
            <filename>sigla/sigla.mrc</filename>
          </idzebra>
        </record>
      </zs:recordData>
      <zs:recordPosition>71</zs:recordPosition>
    </zs:record>