<zs:record>
      <zs:recordPacking>xml</zs:recordPacking>
      <zs:recordData>
        <record xmlns="http://www.loc.gov/MARC21/slim">
          <leader>00433nz a2200121 4500</leader>
          <controlfield tag="001">30076925</controlfield>
          <controlfield tag="003">RISM</controlfield>
          <controlfield tag="005">20121108</controlfield>
          <controlfield tag="008">121108n||az|||||||##########||||||||||||</controlfield>
          <datafield tag="043" ind1=" " ind2=" ">
            <subfield code="c">Slovakia</subfield>
          </datafield>
          <datafield tag="110" ind1="2" ind2=" ">
            <subfield code="a">Knižnica Slovenského národného múzea</subfield>
            <subfield code="c">Bratislava</subfield>
            <subfield code="g">SK-BRknm</subfield>
          </datafield>
          <datafield tag="622" ind1=" " ind2=" ">
            <subfield code="e">Knižnica Slovenského národného múze, Vajanského nábr. 2, Postfach 13, 810 06 Bratislava,
              Slovakia</subfield>
            <subfield code="u">http://www.n.snmkniznica.sk/</subfield>
          </datafield>
          <datafield tag="852" ind1="2" ind2=" ">
            <subfield code="b">48.1402428, 17.1124153</subfield>
          </datafield>
          <idzebra xmlns="http://www.indexdata.dk/zebra/">
            <size>433</size>
            <score>707</score>
            <localnumber>834786</localnumber>
            <filename>sigla/sigla.mrc</filename>
          </idzebra>
        </record>
      </zs:recordData>
      <zs:recordPosition>54</zs:recordPosition>
    </zs:record>