<zs:record>
      <zs:recordPacking>xml</zs:recordPacking>
      <zs:recordData>
        <record xmlns="http://www.loc.gov/MARC21/slim">
          <leader>00456nz a2200121 4500</leader>
          <controlfield tag="001">30004521</controlfield>
          <controlfield tag="003">RISM</controlfield>
          <controlfield tag="005">20121108</controlfield>
          <controlfield tag="008">121108n||az|||||||##########||||||||||||</controlfield>
          <datafield tag="043" ind1=" " ind2=" ">
            <subfield code="c">Slovakia</subfield>
          </datafield>
          <datafield tag="110" ind1="2" ind2=" ">
            <subfield code="a">Slovenský rozhlas, Hlavná redakcia hudobného vysielania</subfield>
            <subfield code="c">Bratislava</subfield>
            <subfield code="g">SK-BRr</subfield>
          </datafield>
          <datafield tag="410" ind1="2" ind2=" ">
            <subfield code="a">ČSSR Radio of Slovakia, General Direction for music programming</subfield>
          </datafield>
          <datafield tag="622" ind1=" " ind2=" ">
            <subfield code="e">Slovenský rozhlas, Hlavná redakcia, hudobného vysielania, Mýtna 1, 812 90 Bratislava,
              Slovakia</subfield>
          </datafield>
          <idzebra xmlns="http://www.indexdata.dk/zebra/">
            <size>456</size>
            <score>707</score>
            <localnumber>832940</localnumber>
            <filename>sigla/sigla.mrc</filename>
          </idzebra>
        </record>
      </zs:recordData>
      <zs:recordPosition>32</zs:recordPosition>
    </zs:record>