<zs:record>
      <zs:recordPacking>xml</zs:recordPacking>
      <zs:recordData>
        <record xmlns="http://www.loc.gov/MARC21/slim">
          <leader>00473nz a2200121 4500</leader>
          <controlfield tag="001">30003960</controlfield>
          <controlfield tag="003">RISM</controlfield>
          <controlfield tag="005">20121108</controlfield>
          <controlfield tag="008">121108n||az|||||||##########||||||||||||</controlfield>
          <datafield tag="043" ind1=" " ind2=" ">
            <subfield code="c">Slovakia</subfield>
          </datafield>
          <datafield tag="110" ind1="2" ind2=" ">
            <subfield code="a">Oravské múzeum P. O. Hviezdoslava - Čaplovičova knižnica</subfield>
            <subfield code="c">Dolný Kubín</subfield>
            <subfield code="g">SK-DK</subfield>
          </datafield>
          <datafield tag="622" ind1=" " ind2=" ">
            <subfield code="e">Oravské múzeum P. O. Hviezdoslava -, Čaplovičova knižnica, Hviezdoslavovo námestie
              1692/7, 02601 Dolný Kubín, Slovakia</subfield>
            <subfield code="u">http://www.oravamuzeum.sk/</subfield>
          </datafield>
          <datafield tag="852" ind1="2" ind2=" ">
            <subfield code="b">49.2065047, 19.2972537</subfield>
          </datafield>
          <idzebra xmlns="http://www.indexdata.dk/zebra/">
            <size>473</size>
            <score>707</score>
            <localnumber>829561</localnumber>
            <filename>sigla/sigla.mrc</filename>
          </idzebra>
        </record>
      </zs:recordData>
      <zs:recordPosition>4</zs:recordPosition>
    </zs:record>