<zs:record>
      <zs:recordPacking>xml</zs:recordPacking>
      <zs:recordData>
        <record xmlns="http://www.loc.gov/MARC21/slim">
          <leader>00398nz a2200121 4500</leader>
          <controlfield tag="001">30061555</controlfield>
          <controlfield tag="003">RISM</controlfield>
          <controlfield tag="005">20121108</controlfield>
          <controlfield tag="008">121108n||az|||||||##########||||||||||||</controlfield>
          <datafield tag="043" ind1=" " ind2=" ">
            <subfield code="c">Slovakia</subfield>
          </datafield>
          <datafield tag="110" ind1="2" ind2=" ">
            <subfield code="a">Rímskokatolícky farský úrad v Liptovskom Hrádku</subfield>
            <subfield code="c">Liptovský Hrádok</subfield>
            <subfield code="g">SK-LH</subfield>
          </datafield>
          <datafield tag="622" ind1=" " ind2=" ">
            <subfield code="e">Rímskokatolícky farský úrad v Liptovskom, Hrádku, Pop lipami, 033 01 Liptovský Hrádok,
              Slovakia</subfield>
          </datafield>
          <datafield tag="670" ind1="2" ind2=" ">
            <subfield code="a">91</subfield>
          </datafield>
          <idzebra xmlns="http://www.indexdata.dk/zebra/">
            <size>398</size>
            <score>707</score>
            <localnumber>834884</localnumber>
            <filename>sigla/sigla.mrc</filename>
          </idzebra>
        </record>
      </zs:recordData>
      <zs:recordPosition>58</zs:recordPosition>
    </zs:record>