<zs:record>
      <zs:recordPacking>xml</zs:recordPacking>
      <zs:recordData>
        <record xmlns="http://www.loc.gov/MARC21/slim">
          <leader>00582nz a2200145 4500</leader>
          <controlfield tag="001">30003963</controlfield>
          <controlfield tag="003">RISM</controlfield>
          <controlfield tag="005">20121108</controlfield>
          <controlfield tag="008">121108n||az|||||||##########||||||||||||</controlfield>
          <datafield tag="043" ind1=" " ind2=" ">
            <subfield code="c">Slovakia</subfield>
          </datafield>
          <datafield tag="110" ind1="2" ind2=" ">
            <subfield code="a">Štátny archív v Bratislave - pobočka Modra</subfield>
            <subfield code="c">Modra</subfield>
            <subfield code="g">SK-MO</subfield>
          </datafield>
          <datafield tag="410" ind1="2" ind2=" ">
            <subfield code="a">Štátny Okresný Archív Bratislava - videk v Pezinku</subfield>
          </datafield>
          <datafield tag="410" ind1="2" ind2=" ">
            <subfield code="a">Štátny Okresný Archív v Pezinku so sidlom v Modre</subfield>
          </datafield>
          <datafield tag="622" ind1=" " ind2=" ">
            <subfield code="e">Štátny archív v Bratislave - pobočka, Modra, Dolná 140, 900 01 Modra, Slovakia</subfield>
            <subfield code="u">http://www.minv.sk/?statny-archiv-v-bratislave-pobocka-modra</subfield>
          </datafield>
          <datafield tag="852" ind1="2" ind2=" ">
            <subfield code="b">48.3302812, 17.3130435</subfield>
          </datafield>
          <idzebra xmlns="http://www.indexdata.dk/zebra/">
            <size>582</size>
            <score>707</score>
            <localnumber>835895</localnumber>
            <filename>sigla/sigla.mrc</filename>
          </idzebra>
        </record>
      </zs:recordData>
      <zs:recordPosition>69</zs:recordPosition>
    </zs:record>